@book{Grillet07,
Author = {Grillet, Pierre A.},
ISBN = {9780387715681},
Publisher = {New York : Springer, c2007.},
Series = {Graduate texts in mathematics: v. 242},
Title = {Abstract algebra/ Pierre Antoine Grillet.},,
Year = {2007},
}

@ARTICLE{Chisolm12,
   author = {{Chisolm}, E.},
    title = "{Geometric Algebra}",
  journal = {ArXiv e-prints},
archivePrefix = "arXiv",
   eprint = {1205.5935},
 primaryClass = "math-ph",
 keywords = {Mathematical Physics},
     year = 2012,
    month = may,
   adsurl = {http://adsabs.harvard.edu/abs/2012arXiv1205.5935C},
  adsnote = {Provided by the SAO/NASA Astrophysics Data System}
}

@phdthesis{Kilpatrick14,
  title={The geometry in geometric algebra},
  author={Kilpatrick, Kristopher N},
  year={2014}
}

@article{sobczyk12,
  title={Unitary geometric algebra},
  author={Sobczyk, Garret},
  journal={Advances in Applied Clifford Algebras},
  volume={22},
  number={3},
  pages={827--836},
  year={2012},
  publisher={Springer}
}